% Encoding: UTF-8

@Article{AlvarezMuniz2012,
  author    = {Jaime Alvarez-Mu{\~{n}}iz and Washington R. Carvalho and Enrique Zas},
  journal   = {Astroparticle Physics},
  title     = {Monte {Carlo} simulations of radio pulses in atmospheric showers using {ZHAireS}},
  year      = {2012},
  month     = {jan},
  number    = {6},
  pages     = {325--341},
  volume    = {35},
  doi       = {10.1016/j.astropartphys.2011.10.005},
  publisher = {Elsevier {BV}},
}

@Article{AlvarezMuniz2012a,
  author    = {Jaime Alvarez-Mu{\~{n}}iz and Washington R. Carvalho and Andr{\'{e}}s Romero-Wolf and Mat{\'{\i}}as Tueros and Enrique Zas},
  journal   = {Physical Review D},
  title     = {Coherent radiation from extensive air showers in the ultrahigh frequency band},
  year      = {2012},
  month     = {dec},
  number    = {12},
  pages     = {123007},
  volume    = {86},
  doi       = {10.1103/physrevd.86.123007},
  publisher = {American Physical Society ({APS})},
}

@Article{Zas1992,
  author    = {E. Zas and F. Halzen and T. Stanev},
  journal   = {Physical Review D},
  title     = {Electromagnetic pulses from high-energy showers: {Implications} for neutrino detection},
  year      = {1992},
  month     = {jan},
  number    = {1},
  pages     = {362--376},
  volume    = {45},
  doi       = {10.1103/physrevd.45.362},
  publisher = {American Physical Society ({APS})},
}

@Book{Jackson1998,
  author    = {Jackson, John David},
  publisher = {WILEY},
  title     = {Classical {Electrodynamics}},
  year      = {1998},
  isbn      = {047130932X},
  month     = aug,
  ean       = {9780471309321},
  pagetotal = {832},
  url       = {https://www.ebook.de/de/product/3240907/john_david_jackson_classical_electrodynamics.html},
}

@Article{Jackson2002,
  author    = {J. D. Jackson},
  journal   = {American Journal of Physics},
  title     = {From {Lorenz} to {Coulomb} and other explicit gauge transformations},
  year      = {2002},
  month     = {sep},
  number    = {9},
  pages     = {917--928},
  volume    = {70},
  doi       = {10.1119/1.1491265},
  publisher = {American Association of Physics Teachers ({AAPT})},
}

@Article{AlvarezMuniz2010,
  author    = {Jaime Alvarez-Mu{\~{n}}iz and Andr{\'{e}}s Romero-Wolf and Enrique Zas},
  journal   = {Physical Review D},
  title     = {{\v{C}}erenkov radio pulses from electromagnetic showers in the time domain},
  year      = {2010},
  month     = {jun},
  number    = {12},
  pages     = {123009},
  volume    = {81},
  doi       = {10.1103/physrevd.81.123009},
  publisher = {American Physical Society ({APS})},
}

@Manual{https://doi.org/10.13140/rg.2.2.12566.40002,
  title     = {AIRES A system for air shower simulations. User's guide and reference manual},
  author    = {S. J. Sciutto},
  year      = {2019},
  doi       = {10.13140/RG.2.2.12566.40002},
  language  = {en},
  publisher = {National University of La Plata},
  url       = {http://rgdoi.net/10.13140/RG.2.2.12566.40002},
  note      = {[\url{http://aires.fisica.unlp.edu.ar/}]}
}

@Book{spurio2014particles,
  author    = {Spurio, Maurizio},
  publisher = {Springer},
  title     = {Particles and astrophysics},
  year      = {2014},
}

@Book{gaisser2016cosmic,
  author    = {Gaisser, Thomas K and Engel, Ralph and Resconi, Elisa},
  publisher = {Cambridge University Press},
  title     = {Cosmic rays and particle physics},
  year      = {2016},
}

@Article{gaisser2018neutrino,
  author  = {Gaisser, Thomas K},
  journal = {arXiv preprint arXiv:1801.01551},
  title   = {Neutrino {Astronomy} 2017},
  year    = {2018},
}

@Article{abarr2021payload,
  author    = {Abarr, Q and Allison, P and Ammerman-Yebra, J and Alvarez-Mu{\~n}iz, J and Beatty, JJ and Besson, DZ and Chen, P and Chen, Y and Xie, C and Clem, JM and others},
  journal   = {Journal of Instrumentation},
  title     = {The {Payload} for {Ultrahigh} {Energy} {Observations} ({PUEO}): {A} {White} {Paper}},
  year      = {2021},
  number    = {08},
  pages     = {P08035},
  volume    = {16},
  publisher = {IOP Publishing},
}

@Article{pierre2015pierre,
  author    = {{Pierre Auger Collaboration}},
  journal   = {Nuclear Instruments and Methods in Physics Research Section A: Accelerators, Spectrometers, Detectors and Associated Equipment},
  title     = {The {Pierre} {Auger} cosmic ray observatory},
  year      = {2015},
  pages     = {172--213},
  volume    = {798},
  publisher = {Elsevier},
}

@Article{halzen2010invited,
  author    = {Halzen, Francis and Klein, Spencer R},
  journal   = {Review of Scientific Instruments},
  title     = {Invited review article: {IceCube}: an instrument for neutrino astronomy},
  year      = {2010},
  number    = {8},
  pages     = {081101},
  volume    = {81},
  publisher = {American Institute of Physics},
}

@InProceedings{wissel2021concept,
  author       = {Wissel, Stephanie and Alvarez-Muniz, Jaime and Burch, Claire and Cummings, Austin and Carvalho, Washington and Deaconu, Cosmin and Hallinan, Gregg and Hughes, Kaeli and Ludwig, Andrew and Oberla, Eric and others},
  booktitle    = {36th International Cosmic Ray Conference},
  title        = {Concept {Study} for the {Beamforming} {Elevated} {Array} for {Cosmic} {Neutrinos} ({BEACON})},
  year         = {2021},
  organization = {SISSA Medialab},
  pages        = {1033},
  volume       = {358},
}

@Article{reno2019cosmic,
  author    = {Reno, Mary Hall and Krizmanic, John F and Venters, Tonia M},
  journal   = {Physical Review D},
  title     = {Cosmic tau neutrino detection via {Cherenkov} signals from air showers from {Earth-emerging} taus},
  year      = {2019},
  number    = {6},
  pages     = {063010},
  volume    = {100},
  publisher = {APS},
}

@Article{schroder2017radio,
  author    = {Schr{\"o}der, Frank G},
  journal   = {Progress in Particle and Nuclear Physics},
  title     = {Radio detection of cosmic-ray air showers and high-energy neutrinos},
  year      = {2017},
  pages     = {1--68},
  volume    = {93},
  publisher = {Elsevier},
}

@Article{gaisser1995particle,
  author    = {Gaisser, Thomas K and Halzen, Francis and Stanev, Todor},
  journal   = {Physics Reports},
  title     = {Particle astrophysics with high energy neutrinos},
  year      = {1995},
  number    = {3},
  pages     = {173--236},
  volume    = {258},
  publisher = {Elsevier},
}

@InProceedings{neronov2019introduction,
  author       = {Neronov, Andrii},
  booktitle    = {Journal of Physics: Conference Series},
  title        = {Introduction to multi-messenger astronomy},
  year         = {2019},
  number       = {1},
  organization = {IOP Publishing},
  pages        = {012001},
  volume       = {1263},
}

@Article{schoorlemmer2016energy,
  author    = {Schoorlemmer, H and Belov, K and Romero-Wolf, A and Garc{\'\i}a-Fern{\'a}ndez, D and Bugaev, V and Wissel, SA and Allison, P and Alvarez-Mu{\~n}iz, J and Barwick, SW and Beatty, JJ and others},
  journal   = {Astroparticle Physics},
  title     = {Energy and flux measurements of ultra-high energy cosmic rays observed during the first {ANITA} flight},
  year      = {2016},
  pages     = {32--43},
  volume    = {77},
  publisher = {Elsevier},
}

@Article{matthews2005heitler,
  author    = {Matthews, James},
  journal   = {Astroparticle Physics},
  title     = {A {Heitler} model of extensive air showers},
  year      = {2005},
  number    = {5-6},
  pages     = {387--397},
  volume    = {22},
  publisher = {Elsevier},
}

@Article{schoorlemmer2021radio,
  author    = {Schoorlemmer, Harm and Carvalho, Washington R},
  journal   = {The European Physical Journal C},
  title     = {Radio interferometry applied to the observation of cosmic-ray induced extensive air showers},
  year      = {2021},
  number    = {12},
  pages     = {1--8},
  volume    = {81},
  publisher = {Springer},
}

@Article{southall2022design,
  author  = {Southall, D and Deaconu, C and Decoene, V and Oberla, E and Zeolla, A and Alvarez-Mu{\~n}iz, J and Cummings, A and Curtis-Ginsberg, Z and Hendrick, A and Hughes, K and others},
  journal = {arXiv preprint arXiv:2206.09660},
  title   = {Design and {Initial} {Performance} of the {Prototype} for the {BEACON} {Instrument} for {Detection} of {Ultrahigh} {Energy} {Particles}},
  year    = {2022},
}

@Comment{jabref-meta: databaseType:bibtex;}
