% Encoding: UTF-8

@Article{AlvarezMuniz2012,
  author    = {Jaime Alvarez-Mu{\~{n}}iz and Washington R. Carvalho and Enrique Zas},
  journal   = {Astroparticle Physics},
  title     = {Monte Carlo simulations of radio pulses in atmospheric showers using {ZHAireS}},
  year      = {2012},
  month     = {jan},
  number    = {6},
  pages     = {325--341},
  volume    = {35},
  doi       = {10.1016/j.astropartphys.2011.10.005},
  publisher = {Elsevier {BV}},
}

@Article{AlvarezMuniz2012a,
  author    = {Jaime Alvarez-Mu{\~{n}}iz and Washington R. Carvalho and Andr{\'{e}}s Romero-Wolf and Mat{\'{\i}}as Tueros and Enrique Zas},
  journal   = {Physical Review D},
  title     = {Coherent radiation from extensive air showers in the ultrahigh frequency band},
  year      = {2012},
  month     = {dec},
  number    = {12},
  pages     = {123007},
  volume    = {86},
  doi       = {10.1103/physrevd.86.123007},
  publisher = {American Physical Society ({APS})},
}

@Article{Zas1992,
  author    = {E. Zas and F. Halzen and T. Stanev},
  journal   = {Physical Review D},
  title     = {Electromagnetic pulses from high-energy showers: Implications for neutrino detection},
  year      = {1992},
  month     = {jan},
  number    = {1},
  pages     = {362--376},
  volume    = {45},
  doi       = {10.1103/physrevd.45.362},
  publisher = {American Physical Society ({APS})},
}

@Article{AlvarezMuniz2011,
  author    = {Jaime Alvarez-Mu{\~{n}}iz and Andr{\'{e}}s Romero-Wolf and Enrique Zas},
  journal   = {Physical Review D},
  title     = {Practical and accurate calculations of Askaryan radiation},
  year      = {2011},
  month     = {nov},
  number    = {10},
  pages     = {103003},
  volume    = {84},
  doi       = {10.1103/physrevd.84.103003},
  publisher = {American Physical Society ({APS})},
}

@Book{Griffiths2013,
  author    = {Griffiths, David},
  publisher = {Pearson},
  title     = {Introduction to electrodynamics},
  year      = {2013},
  address   = {Boston},
  isbn      = {9780321856562},
}

@Book{Jackson1998,
  author    = {Jackson, John David},
  publisher = {WILEY},
  title     = {Classical Electrodynamics},
  year      = {1998},
  isbn      = {047130932X},
  month     = aug,
  ean       = {9780471309321},
  pagetotal = {832},
  url       = {https://www.ebook.de/de/product/3240907/john_david_jackson_classical_electrodynamics.html},
}

@Article{Jackson2002,
  author    = {J. D. Jackson},
  journal   = {American Journal of Physics},
  title     = {From Lorenz to Coulomb and other explicit gauge transformations},
  year      = {2002},
  month     = {sep},
  number    = {9},
  pages     = {917--928},
  volume    = {70},
  doi       = {10.1119/1.1491265},
  publisher = {American Association of Physics Teachers ({AAPT})},
}

@Article{AlvarezMuniz2010,
  author    = {Jaime Alvarez-Mu{\~{n}}iz and Andr{\'{e}}s Romero-Wolf and Enrique Zas},
  journal   = {Physical Review D},
  title     = {{\v{C}}erenkov radio pulses from electromagnetic showers in the time domain},
  year      = {2010},
  month     = {jun},
  number    = {12},
  pages     = {123009},
  volume    = {81},
  doi       = {10.1103/physrevd.81.123009},
  publisher = {American Physical Society ({APS})},
}

@Manual{https://doi.org/10.13140/rg.2.2.12566.40002,
  title     = {AIRES A system for air shower simulations. User's guide and reference manual},
  author    = {{S J Sciutto}},
  year      = {2019},
  doi       = {10.13140/RG.2.2.12566.40002},
  language  = {en},
  publisher = {National University of La Plata},
  url       = {http://rgdoi.net/10.13140/RG.2.2.12566.40002},
}

@Book{spurio2014particles,
  author    = {Spurio, Maurizio},
  publisher = {Springer},
  title     = {Particles and astrophysics},
  year      = {2014},
}

@Book{gaisser2016cosmic,
  author    = {Gaisser, Thomas K and Engel, Ralph and Resconi, Elisa},
  publisher = {Cambridge University Press},
  title     = {Cosmic rays and particle physics},
  year      = {2016},
}

@Comment{jabref-meta: databaseType:bibtex;}
